@article{Langmead2012,
  title={Fast gapped-read alignment with Bowtie 2},
  author={Langmead, Ben and Salzberg, Steven L},
  journal={Nature Methods},
  volume={9},
  number={4},
  pages={357-359},
  year={2012},
  doi={10.1038/nmeth.1923},
  url={https://www.ncbi.nlm.nih.gov/pmc/articles/PMC3322381/}
}

@article{Giancarlo2014,
  title={Compressive biological sequence analysis and archival in the era of high-throughput sequencing technologies},
  author={Giancarlo, Raffaele and Rombo, Simona E and Utro, Filippo},
  journal={Briefings in Bioinformatics},
  volume={15},
  number={3},
  pages={390-406},
  year={2014},
  doi={10.1093/bib/bbt088},
  url={https://doi.org/10.1093/bib/bbt088}
}

@article{Bonfield2022,
  title={CRAM 3.1: advances in the CRAM file format},
  author={Bonfield, James K},
  journal={Bioinformatics},
  volume={38},
  number={6},
  pages={1497-1503},
  year={2022},
  doi={10.1093/bioinformatics/btac010},
  url={https://doi.org/10.1093/bioinformatics/btac010}
}

@article{Li2009,
  title={The Sequence Alignment/Map format and SAMtools},
  author={Li, H and Handsaker, B and Wysoker, A and Fennell, T and Ruan, J and Homer, N and Marth, G and Abecasis, G and Durbin, R and {1000 Genome Project Data Processing Subgroup}},
  journal={Bioinformatics},
  volume={25},
  number={16},
  pages={2078-2079},
  year={2009},
  doi={10.1093/bioinformatics/btp352},
  url={https://www.ncbi.nlm.nih.gov/pmc/articles/PMC2723002/}
}

@article{Peste2022,
  title={CrAM: A Compression-Aware Minimizer},
  author={Peste, Alexandra and Vladu, Adrian and Kurtic, Eldar and Lampert, Christoph H and Alistarh, Dan},
  journal={arXiv preprint arXiv:2207.14200},
  year={2022},
  url={https://arxiv.org/abs/2207.14200}
}

@article{Nakato2013,
  title={DROMPA: easy-to-handle peak calling and visualization software for the computational analysis and validation of ChIP-seq data},
  author={Nakato, Ryuichiro and Itoh, Takashi and Shirahige, Katsuhiko},
  journal={Genes & Cells},
  volume={18},
  number={7},
  pages={589-601},
  year={2013},
  doi={10.1111/gtc.12058},
  url={https://www.ncbi.nlm.nih.gov/pmc/articles/PMC3738949/}
}

